2227 3241
631 314 913 340 PROMPTOfflUM
935 312 1208 338 PARVULORUM.
1695 301 1716 337 3

127 419 218 468 post
239 419 354 468 terga
386 409 659 452 metenciu1n¹
684 408 813 464 spicas
844 407 973 448 eciam
1008 406 1163 461 possint
1197 404 1405 460 colligere,
1424 405 1494 460 qui
1516 406 1618 447 forte
1646 414 1717 446 aut

127 480 259 530 etatis,
296 488 368 520 aut
399 479 572 520 aliarum
605 492 818 518 causarum
851 491 923 531 pre
950 475 1107 531 pudore
1147 472 1319 522 confusi,
1356 472 1399 513 id
1432 473 1543 528 quod
1582 473 1717 514 minus

127 549 261 590 sciunt
295 549 346 589 ab
381 547 470 589 aliis
502 546 655 586 discere
689 544 946 586 erubescunt.
1010 542 1145 599 Igitur
1178 541 1413 597 quicunque
1449 541 1527 582 sibi
1559 541 1602 581 in
1638 540 1716 581 hoc

127 629 248 670 opere
282 614 464 656 incult02
484 613 674 654 utilitatis
709 611 867 667 aliquid
902 610 1092 651 solaciive
1126 607 1424 664 perspexerint,
1443 607 1533 648 Deo
1565 607 1716 663 gratias

127 679 314 730 reddant,
337 689 379 721 et
398 696 471 736 pro
493 697 558 723 me
579 689 792 737 peccatore
814 678 1130 720 misericorditer
1150 675 1418 718 intercedant.
1482 675 1714 717 EXPLICIT

128 747 413 801 preambulum
450 747 493 788 in
528 748 714 790 libellum
743 745 1006 803 predictum,3
1040 743 1265 786 secundum
1298 741 1513 798 vulgarem
1547 741 1717 782 modum

128 814 325 869 loquendi
347 815 610 856 orientalium
632 814 883 871 Anglorum.

189 927 262 969 Isti
289 937 386 969 sunt
417 937 601 970 auctores
622 944 675 970 ex
696 943 872 984 quorum
899 927 1013 969 libris
1046 926 1216 968 collecta
1250 932 1345 966 sunt
1365 921 1564 964 vocabula
1595 921 1718 976 hujus

128 995 272 1045 libelli,
302 1011 373 1052 per
401 996 566 1037 fratrem
602 995 900 1051 predicatorem
936 994 1140 1036 reclusum
1176 993 1320 1034 Lenne
1354 990 1565 1047 Episcopi,
1590 989 1716 1029 Anno

131 1061 303 1104 Domini
350 1063 568 1105 millesimo
608 1075 737 1105 0000.
780 1066 873 1104 XL0.
951 1062 1080 1117 Cujus
1121 1061 1257 1103 anime
1295 1059 1543 1115 propicieter
1591 1056 1716 1098 Deus.

130 1130 185 1171 Et
224 1130 460 1173 intitulatur
494 1129 598 1173 liber
637 1132 713 1173 iste
756 1131 1065 1187 Promptorium
1104 1129 1385 1186 parvulorum.
1465 1126 1559 1168 Hoc
1593 1125 1716 1166 modo

129 1199 363 1242 scribuntur
384 1200 553 1241 nomina
575 1208 790 1241 auctorum
811 1199 916 1240 infra
937 1199 980 1240 in
1000 1198 1080 1239 hoc
1100 1198 1219 1240 libro.

332 1267 552 1311 Januensis
573 1266 616 1307 in
637 1281 709 1307 suo
733 1265 976 1307 Catholicon
1121 1298 1127 1303 .
1250 1297 1256 1303 .
1317 1274 1460 1304 CATH.

334 1333 509 1389 Uguitio
526 1332 569 1372 in
591 1331 735 1385 majori
756 1331 967 1372 volumine
1123 1363 1129 1369 .
1248 1359 1257 1369 .
1320 1339 1395 1368 UG.

334 1398 509 1454 Uguitio
531 1398 783 1439 versificatus
869 1430 876 1438 .
996 1428 1005 1437 .
1125 1429 1132 1436 .
1253 1428 1260 1435 .
1321 1406 1397 1436 UG.
1420 1406 1461 1434 V.

330 1464 448 1505 Brito
607 1498 615 1506 .
736 1499 742 1505 .
865 1497 872 1505 .
993 1497 999 1504 .
1121 1496 1127 1503 .
1248 1496 1254 1502 .
1316 1475 1442 1503 ERIT.

333 1532 606 1573 Mirivalensis
626 1532 670 1572 in
690 1548 835 1588 campo
856 1532 1005 1572 florum
1125 1563 1132 1570 .
1253 1562 1261 1571 .
1322 1540 1361 1571 0.
1382 1542 1423 1569 F.

333 1600 362 1641 J
366 1599 547 1641 ohannes
569 1600 619 1641 de
643 1599 879 1650 Garlondia,
903 1600 947 1640 in
970 1598 1232 1641 Diccionario
1271 1603 1359 1705 }1)1
1364 1637 1389 1666 C
1394 1637 1419 1666 C

389 1668 598 1709 scolastico
1426 1658 1433 1664 ⁶

334 1735 664 1777 Commentarius
685 1735 903 1776 curialium
993 1767 1000 1774 .
1118 1765 1128 1774 .
1251 1764 1259 1773 .
1299 1744 1452 1774 COMM.

335 1804 519 1845 Libellus
532 1804 806 1846 misteriorum
825 1803 896 1859 qui
911 1803 1062 1844 dicitur
1080 1801 1239 1858 Anglia

389 1888 467 1928 que
489 1872 622 1928 fulget
1275 1806 1409 1908 }LIB.
1432 1840 1557 1869 MIST.

334 1940 535 1981 Merarius
620 1973 627 1980 .
871 1971 877 1977 .
999 1971 1007 1978 .
1130 1969 1139 1979 .
1261 1969 1267 1976 .
1329 1947 1442 1976 MER.

336 2008 536 2064 Distigius
617 2040 625 2048 .
746 2038 754 2047 .
876 2039 883 2045 .
1004 2038 1011 2045 .
1131 2035 1139 2045 .
1260 2037 1267 2044 .
1328 2014 1437 2044 DIST

333 2076 536 2117 Robertus
558 2074 775 2130 Kylwarbi
873 2106 879 2112 .
1001 2106 1007 2111 .
1129 2104 1137 2112 .
1256 2103 1263 2111 .
1324 2082 1461 2110 KYmv

332 2143 572 2184 Alexander
593 2141 803 2182 Neccham
870 2172 879 2181 .
1001 2170 1010 2181 .
1128 2171 1135 2179 .
1256 2171 1263 2177 .
1324 2149 1355 2177 N
1360 2149 1460 2178 EGO.

135 2215 241 2256 Cum
274 2211 363 2252 aliis
391 2210 515 2251 variis
546 2209 661 2250 libris
696 2216 737 2249 et
771 2208 920 2249 libellis
952 2206 1145 2262 inspectis
1177 2213 1218 2246 et
1238 2204 1469 2254 intellectis,
1494 2206 1582 2245 Deo
1603 2213 1717 2258 adju-

133 2289 257 2323 vante
278 2294 373 2320 cum
394 2286 480 2318 tota
501 2276 613 2317 curia
629 2275 796 2317 celesti.⁴

177 2396 185 2414 ¹
212 2405 247 2425 κ.
266 2402 300 2423 11.
315 2402 344 2423 Ρ.
362 2392 588 2429 metueneium,
605 2391 694 2420 Harl.
715 2390 783 2419 MS.
1043 2387 1056 2405 ²
1080 2397 1114 2418 K.
1132 2397 1159 2418 P.
1176 2387 1306 2424 inculte,
1324 2387 1415 2416 Harl.
1434 2386 1503 2416 MS.

175 2449 187 2468 ³
209 2449 272 2486 Qui
288 2447 405 2476 dieitur
419 2446 636 2484 Promptorius
662 2444 877 2483 parvulorum,
906 2451 942 2473 Κ.
960 2451 995 2473 Η.
1056 2443 1094 2471 In
1121 2442 1174 2471 the
1200 2441 1318 2471 edition
1339 2442 1379 2479 by
1391 2441 1441 2469 W.
1456 2441 1495 2469 de
1521 2439 1638 2470 Worde
1667 2441 1720 2471 the

134 2504 220 2534 work
236 2503 261 2532 is
284 2500 429 2537 entitled,
448 2499 702 2538 Promptuarium
718 2497 920 2536 parvulorum
936 2497 1133 2533 clericorum,
1149 2495 1234 2533 quod
1260 2495 1345 2534 apud
1372 2504 1427 2523 nos
1452 2494 1594 2523 Medulla.
1617 2503 1720 2533 gram-

133 2559 246 2589 matico
260 2555 445 2595 appellatur.

178 2611 189 2629 ⁴
211 2610 286 2640 This
302 2609 353 2638 list
364 2609 398 2637 of
421 2608 474 2638 the
505 2607 594 2636 Latin
622 2605 806 2635 authorities
830 2604 993 2634 eonsulted
1010 2603 1119 2643 bytho
1141 2602 1291 2641 compiler
1306 2603 1339 2632 of
1364 2602 1417 2632 the
1446 2602 1678 2641 Promptorium
1695 2603 1719 2632 io
