2227 3241
271 715 895 778 PROMPTORIUM
953 713 1564 775 PARVULORUM.

177 1005 367 1045 INCIPIT
398 1004 762 1045 PREAMBULUM.¹
825 1003 1098 1045 Cernentibus
1132 1002 1304 1043 sollicite
1340 1001 1581 1042 clericorum
1610 1013 1704 1039 eon-

118 1073 313 1123 diciones,
335 1087 446 1113 nunc
477 1080 657 1113 statuum
681 1080 720 1112 et
747 1070 952 1127 graduum
988 1070 1241 1111 diversorum
1277 1083 1491 1110 numerose
1511 1067 1706 1108 videntur

112 1141 200 1194 jam
221 1140 325 1180 varii
355 1139 533 1180 clericali
553 1155 594 1180 se
625 1139 790 1180 nomine
817 1139 1053 1195 gloriantes,
1068 1138 1140 1194 qui
1164 1146 1302 1178 tamen
1322 1137 1367 1177 in
1387 1136 1470 1177 suis
1494 1134 1708 1190 colloquiis

118 1208 267 1263 passim
289 1207 555 1263 quotidieque
574 1207 884 1255 barbarizando,
899 1206 982 1247 sio2
1003 1221 1122 1246 usum
1145 1213 1186 1245 et
1206 1213 1333 1245 artem
1359 1203 1508 1244 Latine
1529 1202 1704 1258 loquele,

120 1284 191 1316 aut
223 1291 340 1331 pene,
363 1282 435 1315 aut
461 1275 625 1330 penitus
655 1275 937 1330 perdiderunt,
960 1273 1071 1329 quod
1099 1287 1240 1313 eorum
1270 1287 1391 1327 quam
1425 1271 1561 1327 plures
1594 1269 1709 1325 quasi

122 1343 172 1385 de
205 1343 336 1384 doctis
368 1342 569 1392 indoctos,
592 1342 642 1383 de
679 1342 813 1383 sciolis
833 1341 994 1391 inscios,
1015 1355 1192 1380 noverca
1211 1339 1415 1380 virtutum
1444 1346 1485 1379 et
1505 1338 1709 1379 viciorum

121 1418 251 1451 mater
291 1410 541 1466 degenerans
580 1409 780 1464 produxit
818 1408 984 1449 oblivio.
1057 1407 1183 1448 Unde
1231 1422 1323 1463 ego,
1365 1407 1499 1447 dietus
1538 1405 1711 1461 indigne

121 1479 244 1520 frater
263 1478 527 1534 predicator,³
554 1485 595 1518 et
638 1477 779 1518 Lenne
815 1477 891 1517 sub
934 1476 1077 1532 regula
1115 1474 1365 1531 paupertatis
1414 1473 1616 1523 astrictus,
1651 1480 1710 1513 ta-

119 1547 226 1588 libus
265 1554 313 1586 ut
351 1545 468 1586 valeo
508 1560 753 1601 compassus,
795 1560 842 1586 ao
876 1545 1082 1598 juvenum
1128 1542 1371 1584 elericorum
1420 1540 1712 1597 gramaticam‘ss

121 1614 356 1655 volencium
377 1612 578 1661 misertus,
601 1619 831 1668 presentem
856 1611 1042 1652 libellum
1069 1625 1153 1651 non
1183 1618 1268 1651 tam
1298 1609 1467 1650 rudem⁵
1488 1608 1559 1649 sed
1588 1622 1712 1664 quam

121 1682 269 1723 utilem
301 1680 455 1722 eisdem
487 1680 749 1721 scribendum
783 1679 943 1729 curavi;
987 1677 1196 1734 potissime
1231 1692 1326 1718 cum
1361 1676 1458 1732 ipsis
1494 1676 1565 1731 qui
1599 1690 1711 1716 nuno

124 1750 174 1790 ad
207 1749 352 1790 usum⁶
373 1748 570 1790 clericalis
602 1748 762 1803 loquele
783 1747 899 1788 velut
932 1747 1043 1788 cervi
1075 1746 1127 1786 ad
1157 1745 1289 1786 fontes
1323 1758 1520 1799 aquarum
1557 1742 1714 1783 deside-

124 1825 231 1868 rant,
254 1817 324 1858 sed
361 1816 511 1858 Latina
542 1816 743 1857 vocabula
777 1815 1027 1870 ignorantes,
1059 1822 1101 1855 et
1135 1813 1428 1853 instructorum
1464 1811 1516 1852 ad
1547 1811 1713 1851 libitum

128 1886 288 1942 copiam
321 1893 369 1926 ut
403 1885 579 1941 cupiunt
612 1899 696 1925 non
735 1884 946 1934 habentes,
980 1882 1166 1938 singultu
1201 1889 1243 1922 et
1277 1879 1458 1935 suspiriis
1489 1886 1536 1919 ut
1571 1878 1716 1933 onagri

128 1955 172 1995 in
192 1954 261 1995 siti
282 1968 352 1994 sua
373 1952 587 2002 deficiunt,
609 1967 656 1993 ao
677 1952 792 1992 velut
812 1951 975 1992 interna
991 1950 1112 2000 fame,
1127 1949 1183 1990 sio
1204 1948 1333 1989 eciam
1354 1947 1582 1996 tabescunt,
1605 1945 1716 2001 quod

129 2037 234 2077 pene
267 2021 318 2062 de
354 2021 411 2062 eis
446 2021 551 2061 illud
585 2019 815 2061 Trenorum
854 2018 1064 2074 eloquium
1098 2016 1244 2057 merito
1278 2031 1372 2056 oum
1411 2013 1595 2055 mesticia
1628 2013 1716 2066 jam

127 2089 280 2145 poterit
299 2088 477 2138 recitari,
502 2087 671 2128 Parvuli
691 2086 900 2142 petierunt
930 2100 1097 2141 panem,
1120 2092 1162 2125 et
1181 2099 1265 2124 non
1296 2090 1382 2124 erat
1418 2081 1489 2136 qui
1510 2081 1717 2136 frangeret

129 2157 217 2198 eis.⁷
279 2155 414 2211 Igitur
463 2169 540 2210 ego
589 2154 781 2209 prefatus,
831 2153 1018 2208 quamvis
1067 2151 1180 2192 rudis
1229 2158 1269 2191 et
1317 2149 1481 2198 inscius,
1524 2147 1718 2203 plusque⁸

130 2232 249 2281 aptus
283 2222 436 2263 discere
472 2236 594 2276 quam
635 2220 793 2269 docere,
815 2226 953 2261 tamen
984 2228 1032 2261 ut
1066 2235 1119 2260 ex
1153 2218 1268 2259 libris
1307 2216 1626 2273 gramatioorum
1659 2215 1720 2255 in-

176 2348 182 2365 ¹
208 2347 324 2386 Incipit
335 2347 482 2385 prologus
496 2346 527 2374 in
545 2345 687 2375 libellum
704 2344 759 2382 qui
776 2345 892 2374 dicitur
1021 2343 1032 2360 ⁵
1056 2344 1180 2373 Rudem
1192 2353 1299 2381 quam,
1319 2351 1352 2371 x.
1370 2351 1398 2371 P.

133 2401 351 2439 Promptorius
389 2400 578 2435 Puerorum,
608 2406 636 2428 Ρ.
677 2398 892 2436 Promptorius
1021 2394 1034 2413 ⁶
1059 2407 1094 2427 K.
1112 2405 1140 2426 Ρ.
1158 2397 1211 2426 the
1232 2396 1319 2425 word
1350 2405 1442 2424 usum
1473 2396 1499 2424 is
1528 2395 1658 2424 omitted
1690 2395 1721 2423 in

134 2455 352 2494 parvulorum,
371 2462 407 2483 K.
987 2451 1079 2480 Harl.
1094 2450 1163 2480 MS.

178 2508 193 2530 ²
216 2509 270 2538 Sic
287 2508 385 2546 quod,
405 2516 435 2537 Ρ.
1019 2502 1032 2521 7
1054 2504 1304 2540 Lamentations,
1320 2504 1362 2533 iv.
1379 2501 1411 2533 4.

177 2563 189 2581 ³
212 2562 464 2596 medicatorum,
482 2568 515 2590 x.
528 2568 555 2589 P.
1023 2556 1035 2574 ⁸
1059 2564 1092 2586 κ.
1110 2565 1140 2586 1².
1158 2557 1229 2596 plus
1244 2557 1270 2586 is
1285 2555 1416 2585 omitted
1434 2555 1466 2583 in
1484 2555 1574 2585 Harl.
1596 2555 1666 2585 MS.

178 2616 189 2634 ⁴
213 2615 473 2650 Grammatizare,
492 2622 524 2643 K.
543 2622 569 2642 P.

194 2680 340 2711 CAMD.
364 2677 460 2707 SOC.
923 2676 950 2703 B
