2227 3241
418 297 439 330 2
924 310 1205 335 PROMPTORIUM
1228 310 1502 334 PARVULORUM.

417 401 572 452 tellexi,
595 403 647 444 ad
666 403 944 459 predictorum
976 404 1220 460 profectum,
1244 404 1352 445 exile
1383 404 1462 445 hoc
1495 419 1597 459 opus
1632 400 2005 459 collegi,precipue

420 468 679 522 Catholicon,
732 472 889 528 Campo
939 472 1100 522 florum,
1153 472 1430 522 Diceionario,
1482 472 1652 527 aliisque
1705 470 1910 527 opusculis
1965 476 2006 509 et

418 538 628 589 tractibus,
671 539 805 594 sepius
844 555 940 581 vero
981 555 1035 581 ex
1078 539 1350 595 inquisicione
1396 539 1645 590 meliorum,¹
1688 539 1758 580 sed
1805 537 2007 579 rarissime

419 605 606 658 quamvis
636 606 880 662 quandoque
902 623 955 648 ex
975 607 1144 664 ingenio
1165 608 1341 657 fallibili,
1364 616 1405 648 et
1432 607 1565 662 capite
1592 607 1758 662 proprio
1790 605 2004 663 personali.

421 672 469 712 In
492 689 573 728 quo
594 674 760 729 quidem
774 675 913 716 libello
927 676 1060 731 primo
1077 676 1314 732 Anglicana
1329 675 1556 716 vocabula²
1572 675 1797 715 secundum
1819 673 2005 714 ordinem

418 740 639 796 alphabeti,
675 751 798 798 prout
838 744 1118 799 gramaticalia
1157 743 1476 800 gramaticorum
1515 743 1560 783 in
1597 742 1713 783 libris
1747 741 2008 797 reperiuntur

417 822 463 849 ac
503 810 750 861 scribuntur,
791 812 1024 867 conscripsi,
1067 821 1107 853 et
1146 821 1286 868 postea
1325 810 1687 866 correspondencia
1726 809 1803 850 sibi
1845 808 2008 858 Latina,

417 889 512 914 cum
548 875 700 917 notulis
734 877 934 932 parcium,
963 893 1176 933 generum,
1203 894 1249 919 ac
1290 878 1657 928 declinacionum;³
1699 878 1756 918 sic
1789 886 1927 918 tamen
1959 890 2007 922 ut

418 942 487 982 in4
507 943 689 998 qualibet
718 944 836 986 litera
864 945 1084 1000 alphabeti,
1107 947 1275 987 nomina
1297 954 1338 986 et
1362 954 1494 987 cetere
1529 954 1676 1001 partes,
1698 945 1834 986 verbis
1869 953 2009 985 tamen

419 1011 633 1066 exceptis,⁵
653 1012 786 1067 primo
807 1013 959 1068 pariter
980 1021 1075 1054 sunt
1103 1013 1266 1065 inserta,
1290 1023 1331 1055 et
1351 1022 1451 1054 tunc
1478 1013 1645 1054 tandem
1678 1013 1861 1068 ipsorum
1881 1012 2007 1052 verba

416 1077 596 1119 breviter
646 1079 860 1129 declinata,
913 1080 1055 1121 ordine
1106 1096 1186 1136 quo
1236 1096 1356 1135 supra
1406 1089 1501 1122 sunt
1550 1081 1717 1121 secuta.⁶
1777 1079 2007 1121 Comitatus

415 1154 552 1186 tamen
593 1145 911 1187 Northfolchie7
952 1148 1122 1188 modum
1153 1149 1350 1203 loquendi
1389 1148 1520 1189 solum
1561 1163 1650 1189 sum
1691 1155 1865 1196 secutus,
1889 1161 2011 1202 quem

417 1213 548 1253 solum
581 1214 631 1254 ab
667 1214 845 1255 infancia
881 1214 1022 1267 didici,
1056 1226 1096 1256 et
1129 1216 1333 1257 solotenus
1374 1216 1535 1272 plenius
1574 1215 1874 1271 perfectiusque
1909 1231 2003 1271 cog-

417 1281 528 1321 novi.
603 1281 716 1338 Opus
756 1291 894 1323 autem
936 1283 1047 1324 istud
1089 1283 1397 1339 Proinptorium
1439 1284 1720 1340 parvulorum,
1763 1284 1849 1326 sive
1889 1284 2007 1326 cleri-

419 1365 574 1400 corum,
616 1360 712 1405 peto
753 1351 785 1391 si
825 1352 983 1407 placeat
1030 1353 1242 1408 appellari,
1266 1367 1313 1393 eo
1361 1353 1471 1408 quod
1523 1352 1591 1393 hic
1642 1352 1807 1394 seclusis
1847 1352 2008 1408 script-is

417 1419 640 1473 gramatice
661 1419 841 1469 curiosis,
865 1421 939 1461 sub
961 1421 1138 1476 quodam
1162 1421 1275 1476 quasi
1306 1421 1578 1476 breviloquio,
1599 1420 1824 1462 medullam
1846 1422 2007 1461 tamen8

417 1486 636 1526 verborum
670 1487 897 1536 continens,
919 1503 991 1542 pre
1026 1488 1226 1528 brevitate
1247 1487 1309 1528 sui
1331 1496 1401 1528 aut
1422 1487 1464 1527 in
1486 1496 1695 1543 promth‚
1718 1496 1789 1528 aut
1810 1487 1860 1528 de
1882 1486 2006 1537 facili,

418 1568 440 1593 a
462 1554 621 1595 cunctis
649 1554 806 1595 clericis
826 1555 960 1596 valeat
991 1555 1208 1610 possideri;
1241 1565 1281 1596 et
1302 1556 1414 1611 quod
1446 1556 1490 1596 in
1523 1571 1570 1597 eo
1604 1555 1789 1611 queritur
1813 1571 1897 1596 non
1929 1555 2009 1596 dis-

419 1621 620 1661 currendo
655 1637 727 1676 per
762 1621 905 1671 multa,
943 1622 1013 1663 sed
1046 1622 1183 1662 statim
1220 1631 1261 1663 et
1295 1622 1339 1662 in
1376 1630 1572 1677 promptu
1607 1623 1760 1678 poterit
1798 1623 2009 1664 inveniri.9

421 1686 601 1729 Cunctos
622 1697 760 1730 tamen
777 1688 1025 1744 pedagogos,
1048 1689 1292 1739 didasculos,
1311 1689 1395 1730 sive
1417 1689 1547 1730 eciam
1568 1690 1798 1745 magistros,
1816 1690 2006 1745 precibus

417 1754 631 1796 humiliter
666 1756 854 1811 deposco,
876 1763 923 1796 ut
943 1771 1038 1796 cum
1070 1756 1178 1796 exile
1210 1756 1289 1797 hoc
1322 1772 1423 1812 opus
1457 1757 1754 1812 perspexerint,
1771 1757 1881 1812 quod
1919 1756 2008 1798 Deo

419 1824 674 1876 mejuvante
711 1824 762 1864 sit
794 1832 902 1864 recte
937 1823 1134 1878 scriptum
1173 1825 1415 1879 approbent,
1439 1834 1479 1865 et
1501 1825 1611 1880 quod
1644 1826 1751 1866 male
1786 1833 1857 1866 aut
1890 1825 2009 1866 devie

420 1889 486 1943 pie
520 1889 730 1945 corrigant
765 1899 805 1931 et
841 1890 1115 1939 emendent310
1146 1892 1337 1946 quatinus
1372 1892 1588 1947 gramatici
1620 1893 1747 1934 exiles
1769 1902 1809 1933 et
1828 1893 1945 1948 pueri
1965 1893 2010 1933 in

419 1957 642 1998 volumello
682 1958 761 1998 boc
799 1958 930 2008 brevi,
974 1966 1168 2014 tanquam
1202 1959 1242 1999 in
1291 1960 1468 2014 speculo,
1510 1960 1668 2015 possint
1714 1961 1926 2016 inspicere,
1969 1969 2010 2003 et

421 2024 654 2065 communia
674 2025 874 2066 vocabula
896 2041 974 2080 que
1005 2035 1100 2067 sunt
1123 2027 1175 2068 ad
1202 2027 1390 2083 linguam
1414 2027 1606 2068 Latinam
1627 2030 1852 2083 spectantia
1882 2029 2009 2071 libere

421 2096 463 2128 et
494 2089 709 2130 statissime
742 2091 948 2134 invenire:
981 2108 1142 2135 necnon
1175 2103 1215 2136 et
1245 2110 1368 2156 quam
1401 2095 1538 2150 plures
1572 2095 1641 2135 alii
1677 2095 1828 2151 absque
1862 2096 2010 2138 rubore

465 2213 471 2229 ¹
500 2214 665 2253 Mnjorum,
683 2224 716 2246 Κ.
1252 2222 1341 2251 rated
1357 2222 1389 2250 in
1403 2231 1462 2251 one
1474 2221 1683 2260 alphabetical
1696 2226 1918 2260 arrangement
1933 2222 2009 2251 with

465 2267 480 2289 2
504 2276 539 2297 K.
558 2277 587 2298 Ρ.
602 2271 732 2299 omitted
746 2272 778 2300 in
795 2271 888 2302 Harl.
907 2273 975 2303 MS.
1253 2276 1305 2304 the
1322 2275 1411 2305 other
1426 2280 1511 2314 parts
1525 2275 1559 2304 of
1571 2275 1695 2314 speech.

466 2320 478 2338 ³
500 2322 598 2351 These
614 2324 691 2352 have
707 2326 785 2353 been
803 2327 932 2356 omitted
949 2328 980 2356 in
998 2328 1051 2357 the
1066 2338 1137 2367 pre·
1301 2327 1313 2346 ⁶
1335 2329 1521 2365 Subsecuta,
1538 2337 1571 2358 K.
1588 2329 1769 2367 perscripta,
1788 2337 1816 2358 Ρ.

423 2378 491 2403 sent
507 2376 636 2406 edition.
684 2376 743 2406 See
760 2378 900 2409 Preface.
1300 2381 1312 2400 ⁷
1335 2383 1509 2412 Comitatus
1545 2387 1650 2412 tamen
1689 2383 1898 2412 Orientalium
1943 2382 2011 2411 An-

465 2427 477 2443 ⁴
500 2429 576 2458 Sub.
595 2438 629 2459 K.
646 2438 675 2459 Ρ.
1251 2437 1376 2475 glorum
1392 2437 1522 2465 modum
1538 2436 1689 2474 loquendi
1706 2446 1811 2475 quem,
1830 2438 1889 2466 διο.
1907 2443 1936 2464 Ρ.

465 2480 477 2498 ⁵
499 2481 573 2511 This
587 2489 808 2523 arrangement
822 2486 890 2522 has,
906 2487 954 2516 for
968 2493 1092 2527 greater
1108 2490 1152 2518 fa·
1296 2490 1308 2507 ⁸
1331 2490 1478 2526 Tantum,
1494 2500 1525 2528 p.

424 2535 509 2572 cility
526 2536 560 2564 of
584 2537 751 2576 reference,
767 2540 846 2569 been
871 2541 1014 2580 changed
1040 2543 1071 2571 in
1099 2543 1152 2572 the
1291 2542 1303 2561 9
1326 2552 1362 2574 K.
1379 2552 1406 2572 Ρ.
1424 2544 1576 2580 invenire,
1592 2543 1684 2573 Harl.
1702 2543 1772 2573 MS.

424 2594 547 2628 present
571 2591 707 2621 edition:
733 2593 786 2621 the
814 2595 901 2622 verbs
927 2604 979 2624 are
1006 2596 1147 2634 incorpo-
1280 2596 1302 2614 ¹⁰
1326 2597 1563 2634 Emendant‚1{.
