2227 3241
440 273 464 308 4
949 288 1229 312 PROMPTORIUM
1251 287 1525 312 PARVULORUM.

497 377 537 417 N
541 386 621 428 ota,
658 380 769 435 quod
805 381 1040 436 quicunque
1073 381 1238 422 alterius
1270 381 1400 437 patrie
1435 381 1650 432 vocabula,
1683 397 1706 422 a
1749 381 1858 423 dicte
1896 382 2028 437 prime

439 446 648 487 vocabulis
672 456 743 488 aut
771 447 913 489 sillaba
943 457 1014 490 aut
1044 449 1182 490 littera
1214 449 1353 505 aliquo
1386 448 1509 489 modo
1542 449 1832 506 discrepancia,
1852 450 2030 491 voluerit

441 513 484 553 in
520 513 599 555 hoc
619 515 726 556 libro
758 516 948 567 inserere,
971 526 1114 558 caveat
1144 525 1189 558 ut
1210 532 1369 573 semper
1401 518 1601 562 secunda1
1623 518 1741 559 litera
1768 533 1861 558 cum
1898 518 2031 573 prima

438 582 687 633 observetur,
709 592 756 624 ut
783 592 895 639 puta,
918 600 1001 625 non
1029 584 1178 626 scribat
1208 597 1369 626 HONDE
1397 602 1470 642 pro
1503 597 1685 634 HANDE,
1703 600 1779 626 nec
1806 598 1926 627 NOSE
1954 601 2028 641 pro

439 661 573 697 NESE,
597 658 669 691 aut
702 663 805 692 MON
841 667 914 707 pro
951 664 1066 704 MAN,
1088 668 1163 694 nec
1203 665 1338 694 KAYE
1375 669 1449 709 pro
1484 658 1651 695 KEYE.2
1671 661 1712 693 et
1747 653 1803 694 sic
1835 653 1886 694 de
1918 654 2026 704 aliis;

439 716 509 757 sed
524 717 539 740 ³
560 718 616 759 sic
649 719 810 768 scribat,
836 732 1004 761 HANDE
1037 721 1099 762 vel
1132 732 1232 762 HON
1238 733 1281 770 D,
1305 733 1426 762 NESE
1463 721 1524 762 vel
1555 731 1690 769 NOSE,
1707 728 1749 761 et
1769 721 1825 761 sic
1847 721 1897 762 de
1917 722 2026 762 aliis:

439 785 534 838 quia
568 785 685 827 aliter
716 787 819 828 liber
851 788 933 829 cito
966 789 1187 830 viciabitur
1219 798 1260 830 et
1296 790 1395 831 ordo
1428 789 1633 832 scribendi
1668 788 1956 840 confundetur,
1983 805 2029 831 ac

438 860 680 894 scrutatores
720 855 1015 896 vocabulorum
1063 858 1282 898 scrut-ando
1327 857 1532 908 deficient,
1575 857 1674 898 dum
1715 873 1762 898 ea
1802 872 1881 913 que
1920 873 2027 899 scru-

438 919 636 961 tabuntur
658 921 697 961 in
721 921 820 963 locis
841 923 989 965 debitis
1009 939 1093 965 non
1113 925 1361 968 inveniant.4

439 1046 536 1074 found
567 1047 640 1084 only
656 1048 687 1076 in
705 1047 758 1077 the
786 1048 875 1078 Harl.
893 1049 962 1079 MS.
980 1051 1043 1079 and
1060 1052 1085 1080 is
1101 1061 1171 1080 now
1187 1051 1314 1089 printed
1331 1052 1377 1081 for
1403 1052 1456 1081 the
1473 1051 1540 1081 first
1563 1052 1649 1081 time.
1695 1051 1753 1080 See
1770 1052 1802 1080 in
1819 1052 1872 1081 the
1899 1052 2027 1082 Prefaee

437 1100 554 1129 notices
569 1102 603 1129 of
615 1101 667 1129 the
685 1102 825 1139 writings
841 1103 938 1132 above
954 1105 1172 1134 enumerated.

481 1151 488 1168 ¹
515 1160 551 1182 Κ.
567 1155 750 1191 secundam,
766 1155 854 1185 Harl.
873 1156 943 1187 MS,

478 1203 490 1221 ²
512 1205 549 1234 In
574 1207 649 1235 locis
666 1207 778 1237 debitis
792 1211 968 1239 secundum
985 1220 1090 1240 vocem
1107 1211 1267 1240 literarum
1284 1212 1474 1246 scribantur,
1493 1219 1527 1240 Κ.
1671 1209 1683 1228 ³
1708 1212 1765 1241 vel
1782 1221 1815 1242 Κ.

479 1257 490 1274 ⁴
513 1258 692 1295 Invenient,
710 1260 801 1289 Harl.
822 1261 890 1292 MS.
936 1263 1002 1292 The
1032 1264 1084 1292 list
1099 1264 1132 1293 of
1155 1264 1284 1293 authors
1311 1265 1335 1293 is
1364 1265 1395 1293 in
1423 1265 1478 1294 the
1504 1265 1595 1296 Harl.
1614 1267 1685 1297 MS.
1703 1267 1813 1305 placed
1841 1267 1944 1296 before
1974 1269 2028 1297 the

439 1311 672 1347 Preambulum,
693 1315 750 1343 but
778 1315 833 1343 has
849 1315 927 1344 been
943 1315 1016 1344 here
1043 1317 1237 1354 transposed.
1285 1317 1322 1346 In
1347 1318 1401 1347 the
1428 1318 1540 1358 King's
1568 1319 1636 1350 MS.
1653 1320 1706 1349 the
1728 1321 1924 1359 admonitory
1946 1321 2028 1350 Note

436 1365 537 1401 alone,
557 1367 659 1396 which
675 1368 699 1396 is
715 1369 812 1397 above
828 1369 932 1406 given,
950 1370 974 1398 is
990 1370 1088 1399 found
1105 1375 1137 1399 at
1152 1370 1205 1399 the
1221 1371 1284 1400 end
1300 1372 1334 1400 of
1347 1372 1400 1401 the
1416 1373 1549 1403 volume.
